<?xml version="1.0" encoding="UTF-8"?>
<collection xmlns:xsi="http://www.w3.org/2001/XMLSchema-instance" xsi:schemaLocation="http://www.loc.gov/MARC21/slim http://www.loc.gov/standards/marcxml/schema/MARC21slim.xsd" xmlns="http://www.loc.gov/MARC21/slim">
<record>
  <leader>01084cam a22002291  4500</leader>
  <controlfield tag="001">3183846</controlfield>
  <controlfield tag="003">NNC</controlfield>
  <controlfield tag="005">20151019143219.0</controlfield>
  <controlfield tag="008">880331s1881    tu            000 0 arard</controlfield>
  <datafield tag="035" ind1=" " ind2=" ">
    <subfield code="a">(OCoLC)ocm17721322</subfield>
  </datafield>
  <datafield tag="035" ind1=" " ind2=" ">
    <subfield code="9">AUC7904CU</subfield>
  </datafield>
  <datafield tag="035" ind1=" " ind2=" ">
    <subfield code="a">(NNC)3183846</subfield>
  </datafield>
  <datafield tag="040" ind1=" " ind2=" ">
    <subfield code="a">WAU</subfield>
    <subfield code="c">WAU</subfield>
    <subfield code="d">ZCU</subfield>
  </datafield>
  <datafield tag="099" ind1=" " ind2=" ">
    <subfield code="a">893.78</subfield>
    <subfield code="a">T326</subfield>
  </datafield>
  <datafield tag="245" ind1="0" ind2="0">
    <subfield code="a">Thalāth rasāʾil</subfield>
    <subfield code="b">(1) al-Nuqūd al-Islāmīyah</subfield>
    <subfield code="c">lil-ʻallāmah Taqī al-Dīn ... al-Maqrīzī ; (2) al-Darārī fī al-dharārī lil-shaykh Kamāl al-Dīn ... ibn al-ʻadīm ; (3) Majmūʻat ḥikam wa-ādāb wa-akhbār ... lil-ʻallāmah al-mashhūr Yāqūt al-Mustaʻsimī.</subfield>
  </datafield>
  <datafield tag="260" ind1=" " ind2=" ">
    <subfield code="a">Constantinople,</subfield>
    <subfield code="b">Maṭbaʻat al-Jawāʾib,</subfield>
    <subfield code="c">1298 [1881]</subfield>
  </datafield>
  <datafield tag="300" ind1=" " ind2=" ">
    <subfield code="a">77 p.</subfield>
  </datafield>
  <datafield tag="650" ind1=" " ind2="0">
    <subfield code="a">Arabic literature.</subfield>
  </datafield>
  <datafield tag="700" ind1="1" ind2=" ">
    <subfield code="a">Maqrīzī, Aḥmad ibn ʻAlī,</subfield>
    <subfield code="d">1364-1442.</subfield>
    <subfield code="t">Shudhūr al-ʻuqūd fī dhikr al-nuqūd.</subfield>
  </datafield>
  <datafield tag="700" ind1="1" ind2=" ">
    <subfield code="a">Ibn al-ʻAdīm, Kamāl al-Dīn ʻUmar ibn Aḥmad,</subfield>
    <subfield code="d">1192-1262.</subfield>
    <subfield code="t">Darārī fī al-dharārī.</subfield>
  </datafield>
  <datafield tag="700" ind1="1" ind2=" ">
    <subfield code="a">Yāqūt al-Mustaʻṣimī,</subfield>
    <subfield code="d">-1298.</subfield>
    <subfield code="t">Majmūʻat ḥikam wa-ādāb.</subfield>
  </datafield>
  <datafield tag="955" ind1=" " ind2=" ">
    <subfield code="b">CU07843003</subfield>
    <subfield code="d">off,glx</subfield>
    <subfield code="e">893.78 T326</subfield>
  </datafield>
</record>
</collection>